@string{proc=""}

@string{AAMAS=proc # "International Conference on Autonomous Agents and Multiagent Systems (AAMAS)"}
@string{ACITA=proc # "Annual Conference of the International Technology Alliance (ACITA)"}
@string{ACNS=proc # "Applied Cryptography and Network Security Conference (ACNS)"}
@string{ACSAC=proc # "Annual Computer Security Applications Conference (ACSAC)"}
@string{ADCOG=proc # "Application and Development of Computer Games (ADCOG)"}
@string{ASIA=proc # "Annual Symposium Information Assurance (ASIA)"}
@string{ASIACRYPT= PROC # "Asiacrypt"}
@string{ASPLOS=proc # "ACM International Conference on Architectural Support for Programming Languages and Operating Systems (ASPLOS)"}
@string{CAIDAWIDE=proc # "CAIDA-WIDE Workshop"}
@string{CCR= proc # "ACM SIGCOMM Computer Communication Review (CCR)"}
@string{CCS= proc # "ACM Conference on Computer and Communications Security (CCS)"}
@string{CHI= proc # "ACM Conference on Human Factors in Computing Systems (CHI)"}
@string{COMNET= proc # "Computer Networks"}
@string{COMPSEC= proc # "Computer Security Journal"}
@string{CONEXT=proc # "ACM Conference on emerging Networking EXperiments and Technologies (CoNEXT)"}
@string{COSN=proc # "ACM Conference on Online Social Networks (COSN)"}
@string{CRYPTO= proc # "International Cryptology Conference (CRYPTO)"}
@string{CSET= proc # "Workshop on Cyber Security Experimentation and Test (CSET)"}
@string{DINR= proc # "Workshop on DNS and Internet Naming Research Directions (DINR)"}
@string{EC=proc # "ACM Conference on Electronic Conference (EC)"}
@string{ESORICS=proc # "European Symposium on Research in Computer Security (ESORICS)"}
@string{EUROSEC=proc # "European Workshop on Systems Security"}
@string{EUROSYS=proc # "European Conference on Computer Systems (EuroSys)"}
@string{FAST=proc # "USENIX Conference on File and Storage Technologies (FAST)"}
@string{FC = PROC # "Financial Cryptography (FC)"}
@string{FDNA=proc # "Workshop on Future Directions in Network Architectures (FDNA)"}
@string{FOCI=proc # "USENIX Workshop on Free and Open Communications on the Internet (FOCI)"}
@string{GAMENETS=proc # "International Conference on Game Theory for Networks (GameNets)"}
@string{GLOBECOM=proc # "IEEE Global Communications Conference (GLOBECOM)"}
@string{HASP=proc # "International Workshop on Hardware and Architectural Support for Security and Privacy (HASP)"}
@string{HOTMB=proc # "Workshop on Hot Topics in Middleboxes (HotMB)"}
@string{HOTMOBILE = PROC # "International Workshop on Mobile Computing Systems and Applications (HotMobile)"}
@string{HOTNETS=proc # "Workshop on Hot Topics in Networks (HotNets)"}
@string{HOTSTORAGE=proc # "USENIX Workshop on Hot Topics in Storage and File Systems (HotStorage)"}
@string{HPDC=proc # "ACM Symposium on High-Performance Parallel and Distributed Computing (HPDC)"}
@string{ICC=proc # "IEEE International Conference on Communications (ICC)"}
@string{ICCCN=proc # "International Conference on Computer Communication and Networks (ICCCN)"}
@string{ICCCS=proc # "International Conference on Computing, Communication and Security (ICCCS)"}
@string{ICCSNT=proc # "International Conference on Computer Science and Network Technology (ICCSNT)"}
@string{ICEC=proc # "International Conference on Electronic Commerce (ICEC)"}
@string{ICNP=proc # "IEEE International Conference on Network Protocols (ICNP)"}
@string{ICPADS=proc # "International Conference on Parallel and Distributed Systems (ICPADS)"}
@string{ICPP=proc # "International Conference on Parallel Processing (ICPP)"}
@string{ICSC=proc # "IEEE International Conference on Semantic Computing (ICSC)"}
@string{ICWN=proc # "International Conference on Wireless Networks (ICWN)"}
@string{IMC=proc # "ACM Internet Measurement Conference (IMC)"}
@string{IMW=proc # "ACM Internet Measurement Workshop (IMW)"}
@string{INFOCOM=proc # "IEEE Conference on Computer Communications (INFOCOM)"}
@string{IPTPS=proc # "Workshop on Peer-to-Peer Systems (IPTPS)"}
@string{ISC=proc # "International Conference on Information Security (ISC)"}
@string{ISDG=proc # "International Symposium on Dynamic Games (ISDG)"}
@string{LCN=proc # "IEEE Conference on Local Computer Networks (LCN)"}
@string{MIDDLEWARE=proc # "ACM/IFIP/USENIX International Middleware Conference (MIDDLEWARE)"}
@string{MOBICOM=proc # "ACM Conference on Mobile Computing and Networking (MobiCom)"}
@string{MOBIHOC=proc # "ACM Symposium on Mobile Ad Hoc Networking and Computing (MobiHoc)"}
@string{MOBISYS=proc # "ACM Conference on Mobile Systems, Applications, and Services (MobiSys)"}
@string{NDSS=proc # "Network and Distributed System Security Symposium (NDSS)"}
@string{NETECON-IBC=proc # "Joint Workshop on the Economics of Networked Systems and Incentive-Based Computing (NetEcon+IBC)"}
@string{NETECON=proc # "Workshop on the Economics of Networked Systems (NetEcon)"}
@string{NOSSDAV=proc # "Workshop on Network and Operating Systems Support for Distributed Audio and Video (NOSSDAV)"}
@string{NSDI=proc # "Symposium on Networked Systems Design and Implementation (NSDI)"}
@string{OAKLAND=proc # "IEEE Symposium on Security and Privacy"}
@string{OSDI=proc # "Symposium on Operating Systems Design and Implementation (OSDI)"}
@string{P2PECON=proc # "Workshop on Economics of Peer-to-Peer Systems (P2PEcon)"}
@string{PAM=proc # "Passive and Active Network Measurement Conference (PAM)"}
@string{PETS=proc # "Privacy Enhancing Technologies Symposium (PETS)"}
@string{PINS=proc # "ACM Workshop on Practice and Theory of Incentives in Networked Systems (PINS)"}
@string{PKC = proc # "Public Key Cryptography (PKC)"}
@string{PKI = proc # "PKI Research Workshop"}
@string{PODC=proc # "ACM Symposium on Principles of Distributed Computing (PODC)"}
@string{PROC-IEEE=proc # "of the IEEE"}
@string{RSA = proc # "RSA Conference"}
@string{SASO="IEEE International Conference on Self-Adaptive and Self-Organizing Systems (SASO)"}
@string{SIGCOMM=proc # "ACM SIGCOMM"}
@string{SIGMETRICS=proc # "ACM International Conference on Measurement and Modeling of Computer Systems (SIGMETRICS)"}
@string{SOCC-POSTER=proc # "ACM Symposium on Cloud Computing (SoCC) -- poster"}
@string{SODA=proc # "ACM-SIAM Symposium on Discrete Algorithms (SODA)"}
@string{SOSP=proc # "ACM Symposium on Operating Systems Principles (SOSP)"}
@string{SOSR=proc # "Symposium on SDR Research (SOSR)"}
@string{SOUPS=proc # "Symposium on Usable Privacy and Security (SOUPS)"}
@string{SRUTI=proc # "USENIX Workshop on Steps to Reducing Unwanted Traffic on the Internet (SRUTI)"}
@string{STC="Workshop on Scalable Trusted Computing (STC)"}
@string{STOC=proc # "ACM Symposium on Theory of Computing (STOC)"}
@string{TOCS="ACM Transactions on Computer Systems"}
@string{TON="Networking, IEEE/ACM Transactions on"}
@string{UBICOMP=proc # "International Conference on Ubiquitous Computing (Ubicomp)"}
@string{USENIX-SECURITY=proc # "USENIX Security Symposium"}
@string{USENIX=proc # "USENIX Annual Technical Conference"}
@string{VEE=proc # "ACM International Conference on Virtual Execution Environments (VEE)"}
@string{VTDC=proc # "International Workshop on Virtualization Technologies in Distributed Computing (VTDC)"}
@string{W2SP="Web 2.0 Security and Privacy (W2SP)"}
@string{WISEC=proc # "ACM Conference on Security and Privacy in Wireless and Mobile Networks (WiSec)"}
@string{WONS="WONS"}
@string{WOOT=proc # "USENIX Workshop on Offensive Technologies (WOOT)"}
@string{WOSN=proc # "ACM Workshop on Online Social Networks (WOSN)"}
@string{WOWMOM=proc # "IEEE International Symposium on a World of Wireless Mobile and Multimedia Networks (WoWMoM)"}
@string{WWW=proc # "International World Wide Web Conference (WWW)"}
@string{WPES=proc # "Workshop on Privacy in the Electronic Society (WPES)"}
