@techreport{eavesdroppers-dilemma,
  author = {Eric Cronin and Micah Sherr and Matthew A. Blaze},
  institution = {Penn Engineering},
  month = {February},
  title = {{The Eavesdropper's Dilemma}},
  url = {https://repository.upenn.edu/cis_reports/131/},
  year = 2006
}

@article{igmp-abuse,
	title = {{On the Potential Abuse of IGMP}},
	author = {Matthew Sargent and John Kristoff and Vern Paxson and Mark Allman},
	journal=CCR,
	volume={47},
	number={1},
	year={2017},
}

@inproceedings{filtermap,
	title = {{Measuring the Deployment of Network Censorship Filters at Global Scale}},
	author = {Ram Sundara Raman and Adrian Stoll and Jakub Dalek and Armin Sarabi and Reethika Ramesh and Will Scott and Roya Ensafi},
	booktitle=NDSS,
	year = {2020},
}

@inproceedings{sym_tcp,
	title = {{\textsc{Sym}TCP: Eluding Stateful Deep Packet Inspection with Automated Discrepancy Discovery}},
	author = {Zhongjie Wang and Shitong Zhu and Yue Cao and Zhiyun Qian and Chengyu Song and Srikanth V. Krishnamurthy and Kevin S. Chan and Tracy D. Braun},
	booktitle=NDSS,
	year = {2020},
}

@misc{geolite,
    title = {{GeoLite2}},
    author = {MaxMind},
    howpublished = {\url{https://dev.maxmind.com/geoip/geoip2/geolite2}},
    year = 2020
}

@inproceedings{e2e-routing,
	title = {{End-to-End Routing Behavior in the Internet}},
	author = {Vern Paxson},
	booktitle=SIGCOMM,
	year = {1996},
}

@inproceedings{partridge2015addressing,
  title={Addressing ethical considerations in network measurement papers},
  author={Partridge, Craig and Allman, Mark},
  booktitle={NS Ethics@ SIGCOMM},
  year={2015}
}

@inproceedings{ooni,
  title={{OONI: Open Observatory of Network Interference}},
  author={Filasto, Arturo and Appelbaum, Jacob},
  booktitle=FOCI,
  year={2012}
}

@techreport{rfc793,
  author = {Postel, John},
  institution = {Internet Engineering Task Force},
  month = {September},
  number = 793,
  title = {Transmission Control Protocol},
  type = {RFC},
  url = {http://www.rfc-editor.org/rfc/rfc793.txt},
  year = 1981
}


@inproceedings{satellite,
  author = {Will Scott and Thomas Anderson and Tadayoshi Kohno and Arvind Krishnamurthy},
  title = {{Satellite: Joint Analysis of {CDN}s and Network-Level Interference}},
  booktitle = USENIX,
  year = {2016},
}

@inproceedings{403-forbidden,
	title = {{403 Forbidden: A Global View of CDN Geoblocking}},
	author = {Allison McDonald and Matthew Bernhard and Luke Valenta and Benjamin VanderSloot and Will Scott and Nick Sullivan and J. Alex Halderman and Roya Ensafi},
	booktitle=IMC,
	year = {2018},
}

@inproceedings{slick,
	title = {{Programming Slick Network Functions}},
	author = {Bilal Anwer and Theophilus Benson and Nick Feamster and Dave Levin},
	booktitle=SOSR,
	year = {2015},
}

@inproceedings{sni-censorship,
	title = {{On the Importance of Encrypted-SNI (ESNI) to Censorship Circumvention}},
	author = {Zimo Chai and Amirhossein Ghafari and Amir Houmansadr},
	booktitle=FOCI,
	year = {2019},
}

@inproceedings{transcoding-proxies,
	title = {{Investigating Transparent Web Proxies in Cellular Networks}},
	author = {Xing Xu and Yurong Jiang and Tobias Flach and Ethan Katz-Bassett and David Choffnes and Ramesh Govindan},
	booktitle=PAM,
	year = {2015},
}

@inproceedings{aplomb,
	title = {{Making Middleboxes Someone Else's Problem: Network Processing as a Cloud Service}},
	author = {Justine Sherry and Shaddi Hasan and Colin Scott and Arvind Krishnamurthy and Sylvia Ratnasamy and Vyas Sekar},
	booktitle=SIGCOMM,
	year = {2012},
}

@inproceedings{ntp-gorilla,
	title = {{Taming the 800 Pound Gorilla: The Rise and Decline of NTP DDoS Attacks}},
	author = {Jakub Czyz and Michael Kallitsis and Manaf Gharaibeh and Christos Papadopoulos and Michael Bailey and Manish Karir},
	booktitle=IMC,
	year = {2014},
}

@misc{isn-attack,
    title={{A Weakness in the 4.2BSD Unix TCP/IP Software}},
    author={Robert T. Morris},
    howpublished={CSTR 117},
    year=1985,
}

@misc{firefox-tls-adoption,
    key={Let's Encrypt Stats},
    title={Percentage of {Web} {Pages} {Loaded} by {Firefox} {Using} {HTTPS}},
    author={Let's Encrypt Stats},
    howpublished={\url{https://letsencrypt.org/stats/#percent-pageloads}},
    year=2018,
}


@inproceedings{zmap,
	title = {{ZMap: Fast Internet-wide Scanning and its Security Applications}},
	author = {Zakir Durumeric and Eric Wustrow and J. Alex Halderman},
	booktitle=USENIX-SECURITY,
	year = {2013},
}

@inproceedings{optack-attack,
	title = {{Misbehaving TCP Receivers Can Cause Internet-Wide Congestion Collapse}},
	author = {Rob Sherwood and Bobby Bhattacharjee and Ryan Braud},
	booktitle=CCS,
	year = {2005},
}

@inproceedings{exit-from-hell,
	title = {{Exit from Hell? Reducing the Impact of Amplification DDoS Attacks}},
	author = {Marc K\"{u}hrer and Thomas Hupperich and Christian Rossow and Thorsten Holz},
	booktitle=USENIX-SECURITY,
	year = {2014},
}

@inproceedings{hell-of-a-handshake,
	title = {{Hell of a Handshake: Abusing TCP for Reflective Amplification DDoS Attacks}},
	author = {Marc K\"{u}hrer and Thomas Hupperich and Christian Rossow and Thorsten Holz},
	booktitle=WOOT,
	year = {2014},
}

@inproceedings{light,
	title = {{Where The Light Gets In: Analyzing Web Censorship Mechanisms in India}},
	author = {Tarun Kumar Yadav and Akshat Sinha and Devashish Gosain and Piyush Kumar Sharma and Sambuddho Chakravarty},
	booktitle=IMC,
	year = {2018},
}

@inproceedings{tor,
	title = {{Tor}: {T}he Second-Generation Onion Router},
	author = {Roger Dingledine and Nick Mathewson and Paul Syverson},
	booktitle=USENIX-SECURITY,
	year = {2004},
}

@inproceedings{liberate,
    title = {{lib$\cdot$erate, (n): A library for exposing (traffic-classification) rules and avoiding them efficiently}},
    author={Fangfan Liand Abbas Razaghpanah and Arash Molavi Kakhki and Arian Akhavan Niaki and David Choffnes and Phillipa Gill and Alan Mislove},
    booktitle = IMC,
    year=2017
}

@inproceedings{state,
    title = {{Your State is Not Mine: A Closer Look at Evading Stateful Internet Censorship}},
    author = {Zhongjie Wang and Yue Cao and Zhiyun Qian and Chengyu Song and Srikanth V. Krishnamurthy},
    booktitle = IMC,
    year = 2017
}

@misc{cloudflare-memcached-amplification,
    title = {{Memcrashed -- Major amplification attacks from UDP port 11211}},
    author = {Marek Majkowski},
    howpublished = {\url{https://blog.cloudflare.com/memcrashed-major-amplification-attacks-from-port-11211/}},
    year = 2017
}

@misc{us-cert-amplification,
    title = {{CISA Alert (A14-017A): UDP-Based Amplification Attacks}},
    author = {{U.S.~CERT}},
    howpublished = {\url{https://www.us-cert.gov/ncas/alerts/TA14-017A}},
    year = 2014
}

@misc{censored-planet-kazak,
    title = {{Kazakhstan's HTTPS Interception}},
    author = {Ram Sundara Raman and Leonid Evdokimov and Eric Wustrow and Alex Halderman and Roya Ensafi},
    howpublished = {\url{https://censoredplanet.org/kazakhstan}},
    year = 2019
}

@misc{censored-planet-kazak-live,
    title = {{Kazakhstan's HTTPS Interception Live!}},
    key = {{Kazakhstan's HTTPS Interception Live!}},
    howpublished = {\url{https://censoredplanet.org/kazakhstan/live}},
    year = 2019
}

@misc{signal,
    title = {{Doodles, stickers, and censorship circumvention for Signal Android}},
    author = {Moxie Marlinspike},
    howpublished = {\url{https://signal.org/blog/doodles-stickers-censorship/}},
    year = 2017
}

@misc{signal_twitter,
    title = {{Egypt keeps trying to block Signal, inadvertently blocking all of Google, and having to stop as a result. We'll also expand domain fronts.}},
    author = {Signal},
    booktitle = {Twitter},
    howpublished = { \url{https://twitter.com/signalapp/status/817062093094604800}},
    year={2017}
}

@inproceedings{eluding,
    title = {{Insertion, Evasion, and Denial of Service: Eluding Network Intrusion Detection}},
    author = {Thomas H. Ptacek and Timothy N. Newsham},
    booktitle = {{Secure Networks, Inc.}},
    year = {1998}
}

@inproceedings{illuminating,
    title = {{Towards Illuminating a Censorship Monitor's Model to Facilitate Evasion}},
    author = {Sheharbano Khattak and Mobin Javed and Philip D. Anderson and Vern Paxson},
    booktitle=FOCI,
    year = {2013}
}

@article{click_router,
  title={The Click modular router},
  author={Kohler, Eddie and Morris, Robert and Chen, Benjie and Jannotti, John and Kaashoek, M Frans},
  journal=TOCS,
  volume={18},
  number={3},
  pages={263--297},
  year={2000},
  publisher={ACM}
}

@article{deap, 
    author    = {F\'elix-Antoine Fortin and Fran\c{c}ois-Michel {De Rainville} and Marc-Andr\'e Gardner and Marc Parizeau and Christian Gagn\'e },
    title     = { {DEAP}: Evolutionary Algorithms Made Easy },
    pages    = { 2171--2175 },
    volume    = { 13 },
    month     = jul,
    year      = { 2012 },
    journal   = { Journal of Machine Learning Research }
}

@inproceedings{chinese_censorship,
    title = {{Internet Censorship in China: Where Does the Filtering Occur?}},
    author = {Xueyang Xu and Morley Mao and J. Alex Halderman},
    year = {2011},
    booktitle = PAM,
}

@inproceedings{iran_censorship,
    title = {{Internet Censorship in Iran: A First Look}},
    author = {Simurgh Aryan and Homa Aryan and J. Alex Halderman},
    year = {2013},
    booktitle = FOCI,
}

@inproceedings{pakistan_censorship,
    title = {{The Anatomy of Web Censorship in Pakistan}},
    author = {Zubair Nabi},
    year = {2013},
    booktitle = FOCI,
}

@unpublished{fleischer,
    title = {{Attacking Tor at the Application Layer}},
    author = {Gregory Fleischer},
    year = {2009},
    note = {Defcon},
    URL = {https://www.defcon.org/images/defcon-17/dc-17-presentations/defcon-17-gregory_fleischer-attacking_tor.pdf}
}

@inproceedings{torfingerprinting,
    title = {{Analysis of Fingerprinting Techniques for Tor Hidden Services}},
    author = {Andriy Panchenko and Asya Mitseva and Martin Henze and Fabian Lanze and Klaus Wehrle},
    year={2017},
    booktitle = WPES,
}

@inproceedings{circuit,
    title = {{Circuit Fingerprinting Attacks: Passive Deanonymization of Tor Hidden Services}},
    author = {Albert Kwon and Mashael AlSabah and David Lazar  and Marc Dacier and Srinivas Devadas},
    year = {2015},
    booktitle = USENIX-SECURITY,
}

@inproceedings{parrotisdead,
    title = {{The Parrot is Dead: Observing Unobservable Network Communications}},
    author = {Amirr Houmansadr and Chad Brubaker and Vitaly Shmatikov},
    year = {2013},
    booktitle = OAKLAND,
}

@inproceedings{activeprobing,
    title = {{Examining How the Great Firewall Discovers Hidden Circumvention Servers}},
    author = {Roya Ensafi and David Fifield and Philipp Winter and Nick Feamster and Nicholas Weaver and Vern Paxson},
    year = {2015},
    booktitle = IMC,
}

@inproceedings{encore,
    title={{Encore: Lightweight Measurement of Web Censorship with Cross-Origin Requests}},
    author = {Sam Burnett and Nick Feamster},
    year = {2015},
    booktitle = SIGCOMM,
}

@inproceedings{encore-for-encore,
    title={{No Encore for Encore? Ethical Questions for Web-Based Censorship Measurement}},
    author = {Arvind Narayanan and Bendert Zevenbergen},
    year = {2015},
    booktitle = {Technology Science},
}

@inproceedings{norm,
    title={{Network Intrusion Detection: Evasion, Traffic Normalization, and End-To-End Protocol Semantics}},
    author = {Mark Handley and Vern Paxson and Christian Kreibich},
    year = {2001},
    booktitle = USENIX-SECURITY,
}

@inproceedings{detor,
    title={{DeTor: Provably Avoiding Geographic Regions in Tor}},
    author = {Zhihao Li and Stephen Herwig and Dave Levin},
    year = {2017},
    booktitle = USENIX-SECURITY,
}

@inproceedings{ignoring,
    title={{Ignoring the Great Firewall of China}},
    author = {Richard Clayton and Steven J. Murdoch and Robert N. M. Watson},
    year={2006},
    booktitle = PETS,
}

@article{winter2012,
    title={{The Great Firewall of China: How It Blocks Tor and Why It Is Hard to Pinpoint}},
    author = {Philipp Winter and Jedidiah R. Crandall},
    year = {2012},
    journal={{;login:}},
	volume = {37},
	number = {6},
	pages = {42--50}
}

@inproceedings{sweet,
    title={{SWEET: Serving the Web by Exploiting Email Tunnels}},
    author = {Wenxuan Zhou and Amir Houmansadr and Matthew Caesar and Nikita Borisov},
    year = {2013},
    booktitle=PETS,
}

@inproceedings{rook,
    title={{Rook: Using Video Games as a Low-Bandwidth Censorship Resistant Communication Platform}},
    author = {Paul Vines and Tadayoshi Kohno},
    year={2015},
    booktitle = WPES,
}

@inproceedings{voip,
    title={{IP over Voice-over-IP for censorship circumvention}},
    author = {Amir Houmansadr and Thomas Riedl and Nikita Borisov and Andrew Singer},
    year={2012},
    booktitle = {arXiv preprint arXiv:1207.2683},
}

@misc{dust,
    title = {{Dust: A Blocking-Resistant Internet Transport Protocol}},
    author = {Brandon Wiley},
    howpublished = {http://blanu.net/Dust.pdf}
}

@misc{whitelister,
    title = {{Iran: A New Model for Censorship}},
    author = {Kevin Bock and Yair Fax and Jasraj Singh and Kyle Reese and Dave Levin},
    howpublished = {\url{https://geneva.cs.umd.edu/posts/iran-whitelister}}
}

@misc{quackraw,
    title = {{Censored Planet Raw Data}},
    author={Censored Planet},
    key = {{CensoredPlanet Raw Data}},
    howpublished = {\url{https://censoredplanet.org/data/raw}}
}

@inproceedings{censoredplanet,
    title={{Censored Planet: An Internet-wide, Longitudinal Censorship Observatory}},
    author={Ram Sundara Raman and Prerana Shenoy and Katharina Kohls and Roya Ensafi},
    year={2020},
    booktitle=CCS
}

@inproceedings{lte,
    title = {{Breaking and Fixing VoLTE: Exploiting Hidden Data Channels and Mis-implementations}},
    author = {Hongil Kim and Dongkwan Kim and Minhee Kwon and Hyungseok Han and Yeongjin Jang and Dongsu Han and Taesoo Kim and Yongdae Kim},
    booktitle = CCS,
    year = {2015},
}

@inproceedings{snowflake,
    title = {{Threat modeling and circumvention of Internet censorship}},
    author = {David Fifield},
    booktitle = {PhD thesis},
    year = {2017},
}

@inproceedings{flashproxy,
    title = {{Evading Censorship with Browser-Based Proxies}},
    author = {David Fifield and Nate Hardison and Jonathan Ellithorpe and Emily Stark and Dan Boneh and Roger Dingledine and Phil Porras},
    booktitle = PETS,
    year = {2012},
}

@inproceedings{ifuzzer,
    title = {{IFuzzer: An Evolutionary Interpreter Fuzzer using Genetic Programming}},
    author = {Spandan Veggalam and Sanjay Rawat and Istvan Haller and Herbert Bos},
    booktitle = ESORICS,
    year = {2016},
}

@misc{afl,
    key = {{american fuzzy lop}},
    title = {{american fuzzy lop}},
    howpublished = {{http://lcamtuf.coredump.cx/afl/}},
}

@inproceedings{webappfuzz,
    title = {{Optimizing Web Application Fuzzing with Genetic Algorithms and Language Theory}},
    author = {Scott Michael Seal},
    booktitle = {{Master of Science Thesis}},
    year = {2016},
}

@inproceedings{ftpfuzz,
    title = {{Network protocol security testing based on fuzz}},
    author = {Li Haifeng and Wang Shaolei and Zhang Bin and Shuai Bo and Tang Chaojing},
    booktitle = ICCSNT,
    year = {2015},
}

@inproceedings{evaluating-fuzzing,
  author = {George T. Klees and Andrew Ruef and Benjamin Cooper and Shiyi Wei and Michael Hicks},
  title = {{Evaluating Fuzz Testing}},
  booktitle = CCS,
  year = {2018},
}

@inproceedings{rebound, 
    title = {{Rebound: Decoy routing on asymmetric routes via error messages}},
    author = {Daniel Ellard and Christine Jones and Victoria Manfredi and W. Timothy Strayer and Bishal Thapa and Megan Van Welie and Alden Jackson},
    booktitle = LCN,
    year={2015},
}

@inproceedings{cirripede,
    title = {{Cirripede: Circumvention Infrastructure using Router Redirection with Plausible Deniability}},
    author = {Amir Housmandr and Giang T. K. Ngyuen and Matthew Caesar and Nikita Borisov},
    booktitle = CCS,
    year={2011},
}

@misc{enemies-of-the-internet,
    author={{Reporters Without Borders}},
    title={{Enemies of the Internet 2013 Report}},
    month = Mar,
    year = 2013,
    howpublished={\url{https://surveillance.rsf.org/en/wp-content/uploads/sites/2/2013/03/enemies-of-the-internet_2013.pdf}}
}

@book{genetic-algorithms,
  title={Handbook of genetic algorithms},
  author={Davis, Lawrence},
  year={1991},
  publisher={CUMINCAD}
}

@article{docker,
    title = {{Docker: Lightweight Linux Containers for Consistent Development and Deployment}},
    author = {Dirk Merkel},
    year = {2014},
    journal = {Linux Journal},
	volume = {239},
	number = {2},
}

@misc{nfq,
    key={{NetFilter}},
    title={{NetFilter}},
	howpublished={https://netfilter.org}
}

@misc{scapy,
    key={{Scapy}},
    title={{Scapy}},
	howpublished = {https://scapy.net},
}

@inproceedings{telex,
    title={{Telex: Anticensorship in the Network Infrastructure}},
    author = {Eric Wustrow and Scott Wolchok and Ian Goldberg and J. Alex Halderman},
    year={2011},
    booktitle = USENIX
}

@inproceedings{tapdance,
    title = {{TapDance: End-to-Middle Anticensorship without Flow Blocking}},
    author = {Eric Wustrow and Colleen M. Swanson and J. Alex Halderman},
    year={2014},
    booktitle=USENIX
}

@inproceedings{alibi,
    title={{Alibi Routing}},
    author = {Dave Levin and Youndo Lee and Luke Valenta and Zhihao Li and Victoria Lai and Cristian Lumenzanu and Neil Spring and Bobby Bhattacharjee},
    year={2015},
    booktitle=SIGCOMM
}

@inproceedings{skypemorph,
    title = {{SkypeMorph: Protocol Obfuscation for Tor Bridges}},
    author = {Hooman Mohajeri Moghaddam and Baiyu Li and Mohammad Derakhshani and Ian Goldberg},
    booktitle = CCS,
    year={2012}
}

@inproceedings{stegotorus,
    title = {{StegoTorus: A Camouflage Proxy for the Tor Anonymity System}},
    author = {Zachary Weinberg and Jeffrey Wang and Vinod Yegneswaran and Linda Briesemeister and Steven Cheung and Frank Wang and Dan Boneh},
    booktitle = CCS,
    year={2012}
}

@inproceedings{censorspoofer,
    title = {{CensorSpoofer: Asymmetric Communication Using IP Spoofing for Censorship-Resistant Web Browsing}},
    author = {Qiyan Wang and Xun Gong and Giang T. K. Nguyen and Amir Houmansadr and Nikita Borisov},
    booktitle = CCS,
    year={2012}
}

@inproceedings{meek,
    title={{Blocking-resistant communication through domain fronting}},
    author = {David Fifield and Chang Lan and Rod Hynes and Percy Wegmann and Vern Paxson},
    booktitle=PETS,
    year={2015}
}

@inproceedings{dnscensorship,
    title={{Towards a Comprehensive Picture of the Great Firewall's DNS Censorship}},
    author={Anonymous},
    booktitle = FOCI,
    year=2014
}

@misc{greatfire,
    key={{Censorship of Alexa Top 1000 Domains in China}},
    title={{Censorship of Alexa Top 1000 Domains in China}},
    howpublished={https://en.greatfire.org/search/alexa-top-1000-domains},
    
}

@misc{brdgrd,
    title = {{brdgrd (Bridge Guard)}},
    author = {Philipp Winter},
    howpublished = {\url{https://github.com/NullHypothesis/brdgrd}},
    year = 2012
}

@misc{sniffjoke,
    title = {{SniffJoke: transparent TCP connection scrambler}},
    author = {Claudio Agosti and Giovanni Pellerano},
    howpublished = {\url{https://github.com/vecna/sniffjoke}},
    year = 2011
}

@inproceedings{udp_analysis, 
    author={M. {Zhang} and M. {Dusi} and W. {John} and C. {Chen}}, 
    booktitle={2009 Ninth Annual International Symposium on Applications and the Internet}, 
    title={Analysis of UDP Traffic Usage on Internet Backbone Links}, 
    year={2009}, 
    volume={}, 
    number={}, 
    pages={280-281},
}

@inproceedings{spiffy,
    author = {Kang, Min and Gligor, Virgil and Sekar, Vyas},
    year = {2016},
    month = {01},
    pages = {},
    title = {SPIFFY: Inducing Cost-Detectability Tradeoffs for Persistent Link-Flooding Attacks},
    doi = {10.14722/ndss.2016.23147}
}

@article{iclab,
  author    = {Arian Akhavan Niaki and
               Shinyoung Cho and
               Zachary Weinberg and
               Nguyen Phong Hoang and
               Abbas Razaghpanah and
               Nicolas Christin and
               Phillipa Gill},
  title     = {ICLab: {A} Global, Longitudinal Internet Censorship Measurement Platform},
  journal   = {CoRR},
  volume    = {abs/1907.04245},
  year      = {2019},
  url       = {http://arxiv.org/abs/1907.04245},
  archivePrefix = {arXiv},
  eprint    = {1907.04245},
  timestamp = {Wed, 17 Jul 2019 10:27:36 +0200},
  biburl    = {https://dblp.org/rec/journals/corr/abs-1907-04245.bib},
  bibsource = {dblp computer science bibliography, https://dblp.org}
}

@inproceedings {quack,
    author = {Benjamin VanderSloot and Allison McDonald and Will Scott and J. Alex Halderman and Roya Ensafi},
    title = {{Quack: Scalable Remote Measurement of Application-Layer Censorship}},
    booktitle = USENIX-SECURITY,
    year = {2018},
}

@inproceedings{geneva,
    author = {Bock, Kevin and Hughey, George and Qiang, Xiao and Levin, Dave},
    title = {{Geneva: Evolving Censorship Evasion Strategies}},
    booktitle = CCS,
    year = {2019},
}



@misc{protonmail,
    author = {Goodin, Dan},
    year = {2015},
    month = {11},
    day = {10},
    title = {How  extorted  e-mail  provider  got  back  online after crippling DDoS attack},
    howpublished = {\url{http://arstechnica.com/security/2015/11/how-extorted-e-mail-provider-got-back-online-after-crippling-ddos-attack/}}
}
% GOODIN, D. .   InArs Technica (November 10, 2015).  % https://arstechnica.com/information-technology/2015/11/how-extorted-e-mail-provider-got-back-online-after-crippling-ddos-attack/

% TODO: \cite{kazak_https_over}: https://www.reuters.com/article/us-kazakhstan-internet-surveillance-idUSKCN1UX0VD
% TODO: \cite{censored_planet_kazak}: https://censoredplanet.org/kazakhstan

@inproceedings{routing_loops_pcaps,
	title = {{Detection and Analysis of Routing Loops in Packet Traces}},
	author = {Hengartner, Urs and Moon, Sue and Mortier, Richard and Diot, Christophe},
	year = {2002},
	booktitle = IMW
}

@misc{citizen_lab_block_test,
    title = {{Block test list}},
    author = {Citizen Lab},
    howpublished = {\url{https://github.com/citizenlab/test-lists}},
}

@misc{nmap,
    title = {{nmap}},
    author = {Gordon Lyon},
    howpublished = {\url{https://nmap.org/}},
}

@misc{github-ddos,
    author={Sam Kottler},
    year={2018},
    month={Mar},
    day={1},
    title={February 28th {DDoS} Incident Report},
    howpublished={\url{https://github.blog/2018-03-01-ddos-incident-report/}},
}

@inproceedings {dns-ntp-amplification,
    author = {Rossow, Christian},
    title = {{Amplification Hell: Revisiting Network Protocols for DDoS Abuse}},
    booktitle = NDSS,
    year = {2014}
}

@article{anagnostopoulos2013dns,
  title={{DNS Amplification Attack Revisited}},
  author={Anagnostopoulos, Marios and Kambourakis, Georgios and Kopanos, Panagiotis and Louloudakis, Georgios and Gritzalis, Stefanos},
  journal={Computers \& Security},
  volume={39},
  number={B},
  pages={475--485},
  month = nov,
  year={2013},
  publisher={Elsevier}
}

@inproceedings{sf-drdos,
	author={Bingshuang Liu and Skyler Berg and Jun Li and Tao Wei and Chao Zhang and Xinhui Han},
    booktitle=ICCCN,
    title={{The Store-and-Flood Distributed Reflective Denial of Service Attack}}, 
    year={2014},
}
@inproceedings{memcached,
  author={Kulvinder Singh and Ajit Singh},
  booktitle=ICCCS,
  title={{Memcached DDoS Exploits: Operations, Vulnerabilities, Preventions and Mitigations}}, 
  year={2018},
}

@misc{memcached-amplification,
   key = {CVE-2018-1000115},
   title = {{CVE-2018-1000115: Memcached version 1.5.5}},
   howpublished = {National Vulnerability Database},
   institution = {NIST},
   day = 5,
   month = {March},
   year = 2018,
   note = {\url{http://nvd.nist.gov/nvd.cfm?cvename=CVE-2018-1000115}},
   url = {http://nvd.nist.gov/nvd.cfm?cvename=CVE-2018-1000115}
}

@misc{memcached-amplification-cisa,
   key = {UDP-Based Amplification},
   title = {{UDP-Based Amplification Attacks: Alert (TA14-017A)}},
   howpublished = {National Cyber Awareness System Alerts},
   institution = {CISA},
   day = 17,
   month = {January},
   year = 2014,
   note = {\url{https://www.us-cert.gov/ncas/alerts/TA14-017A}},
   url = {https://www.us-cert.gov/ncas/alerts/TA14-017A}
}

@inproceedings{spoofer-project,
   title = {{The Spoofer Project: inferring the Extent of Source Address Filtering on the Internet}},
   author = {Robert Beverly and Steven Bauer},
   booktitle = SRUTI,
   year = 2005,
}

@misc{spoofer-current-stats,
    key = {The Spoofer Project: State of IP Spoofing},
    title = {{The Spoofer Project: State of IP Spoofing}},
    note = {\url{https://spoofer.caida.org/summary.php}}
}

@inproceedings{block-pages,
    author = {Jones, Ben and Lee, Tzu-Wen and Feamster, Nick and Gill, Phillipa},
    title = {{Automated Detection and Fingerprinting of Censorship Block Pages}},
    year = {2014},
    booktitle = IMC,
}

@misc{spamhaus,
    title={The DDoS That Almost Broke the Internet},
    author={Matthew Prince}, 	
    year = 2013,
    month = {March},
    howpublished = {Cloudflare Blog},
    day = 27,
    note = {\url{https://blog.cloudflare.com/the-ddos-that-almost-broke-the-internet/}},
    url = {https://blog.cloudflare.com/the-ddos-that-almost-broke-the-internet/},
}

@inproceedings{great-cannon,
    title={{An Analysis of China's ``Great Cannon''}},
    author = {Bill Marczak and Nicholas Weaver and Jakub Dalek and Roya Ensafi and David Fifield and Sarah McKune and Arn Rey and John Scott-Railton and Ron Deibert and Vern Paxson},
    year = 2015,
    booktitle = FOCI,
}

@misc{freedomhouse,
    title={Freedom in the World report},
    author = {Freedom House},
    note = {\url{https://freedomhouse.org/countries/freedom-world/scores}},
    url = {https://freedomhouse.org/countries/freedom-world/scores},
}
